@book{elixir,
  author    = {Simon St.Laurent & J.David Eisenberg},
  isbn      = {9781491956779},
  month     = {1},
  pages     = {1-228},
  publisher = {O'Reilly Media, Inc.},
  title     = {Introducing Elixir},
  year      = {2017}
}

@book{phoenix,
  author    = {Chris McCord, Bruce Tate and José Valim},
  isbn      = {978-1-68050-226-8},
  month     = {10},
  pages     = {1-333},
  publisher = {The Pragmatic Programmers},
  title     = {Programming Phoenix ≥ 1.4},
  year      = {2019}
}

@misc{bc_types,
  author       = {Knowledge Hut},
  title        = {{Types of Blockchain with Examples}},
  howpublished = {\url{https://www.knowledgehut.com/blog/blockchain/types-of-blockchain}},
  year         = {2023},
  note         = {[June-2023]}
}

@misc{node,
  author       = {WorldCoin},
  title        = {{What's a Blockchain Node?}},
  howpublished = {\url{https://worldcoin.org/articles/what-is-a-blockchain-node}},
  year         = {2023},
  note         = {[May-2023]}
}

@misc{node_type,
  author       = {Origin Stamp},
  title        = {{The 10 Different Types of Blockchain Nodes and How They Work}},
  howpublished = {\url{https://originstamp.com/blog/the-10-different-types-of-blockchain-nodes-and-how-they-work/}},
  year         = {2023},
  note         = {[May-2023]}
}

@misc{perm_bc,
  author       = {Blockchain Council},
  title        = {{Permissioned And Permissionless Blockchains: A Comprehensive Guide}},
  howpublished = {\url{https://www.blockchain-council.org/blockchain/permissioned-and-permissionless-blockchains-a-comprehensive-guide/}},
  year         = {2022},
  note         = {[November-2022]}
}

@misc{fork,
  author       = {Coinbase},
  title        = {{What Is A Fork?}},
  howpublished = {\url{https://www.coinbase.com/pt-PT/learn/crypto-basics/what-is-a-fork}},
  year         = {2023}
}

@misc{asa,
  author       = {Algorand Developer Portal},
  title        = {{Algorand Standard Assets}},
  howpublished = {\url{https://developer.algorand.org/articles/algorand-standard-assets/}},
  year         = {2019},
  note         = {[November-2019]}
}

@misc{asa_det,
  author       = {Algorand Developer Portal},
  title        = {{Algorand Standard Assets (ASAs)}},
  howpublished = {\url{https://developer.algorand.org/docs/get-details/asa/}},
  year         = {2023}
}

@misc{bc,
  author       = {José Silva},
  title        = {{Information gathered on Cybersecurity classes}},
  year         = {2023}
}

@misc{func,
  author       = {Brad Mitchell, Coding Dojo},
  title        = {{What Is Functional Programming and Why Use It?}},
  howpublished = {\url{https://www.codingdojo.com/blog/what-is-functional-programming}},
  year         = {2022}
}

@misc{phx,
  author       = {Ganesh Mani, LogRocket},
  title        = {{Building a REST API with Elixir and Phoenix}},
  howpublished = {\url{https://blog.logrocket.com/build-rest-api-elixir-phoenix/}},
  year         = {2022}
}

@misc{adv,
  author       = {Bairesdev},
  title        = {{Elixir Development Services}},
  howpublished = {\url{https://www.bairesdev.com/technologies/elixir/}},
  year         = {2023}
}

@misc{cons,
  author       = {Jake Frankenfield, Investopedia},
  title        = {{What Are Consensus Mechanisms in Blockchain and Cryptocurrency?}},
  howpublished = {\url{https://www.investopedia.com/terms/c/consensus-mechanism-cryptocurrency.asp}},
  year         = {2023}
}

@report{algo,
  author    = {Yossi Gilad and Rotem Hemo and Silvio Micali and Georgios Vlachos and Nickolai Zeldovich},
  title     = {{Algorand: Scaling Byzantine Agreements for Cryptocurrencies}},
  howpublished = {\url{https://people.csail.mit.edu/nickolai/papers/gilad-algorand-eprint.pdf}},
  pages     = {24},
  publisher = {MIT CSAIL},
  year      = {2017}
}

@misc{alg,
  author       = {Jake Frankenfield, Investopedia},
  title        = {{Algorand Protocol Overview}},
  howpublished = {\url{https://algorand.com/technology/protocol-overview}},
  year         = {2023}
}

@misc{ppow,
  author       = {Mac Sources},
  title        = {{Understanding Algorand’s Pure Proof-of-Stake Consensus Algorithm}},
  howpublished = {\url{https://macsources.com/understanding-algorands-pure-proof-of-stake-consensus-algorithm/}},
  year         = {2023}
}

@report{dharma,
  author    = {Yarilabs},
  title     = {{Dharma Network- Whitepaper v0.7}},
  howpublished = {\url{https://docs.google.com/document/d/16cUcSKJR12fJqtAwHj6iZJChOVx4aQRfpag7Uilrg2g/edit#heading=h.zfsnfakxybxf}},
  pages     = {22},
  year      = {2022}
}

@misc{teal,
  author       = {Algorand Developer Portal},
  title        = {{The Smart Contract Language}},
  howpublished = {\url{https://developer.algorand.org/docs/get-details/dapps/avm/teal/}},
  year         = {2023}
}

@misc{teal_2,
  author       = {Algorand Developer Portal},
  title        = {{The Algorand Virtual Machine (AVM) and TEAL.}},
  howpublished = {\url{https://developer.algorand.org/docs/get-details/dapps/avm/teal/specification/}},
  year         = {2023}
}

@misc{pyteal,
  author       = {Algorand Developer Portal},
  title        = {{PyTEAL}},
  howpublished = {\url{https://developer.algorand.org/docs/get-details/dapps/writing-contracts/pyteal/}},
  year         = {2023}
}

@misc{sc,
  author       = {Parikshit Hooda, GeeksForGeeks},
  title        = {{Smart Contracts in Blockchain}},
  howpublished = {\url{https://www.geeksforgeeks.org/smart-contracts-in-blockchain/}}
}

@misc{scalgo,
  author       = {Algorand Developer Portal},
  title        = {{Linking Algorand Stateful and Stateless Smart Contracts}},
  howpublished = {\url{https://developer.algorand.org/articles/linking-algorand-stateful-and-stateless-smart-contracts/}},
  year         = {2020}
}

@misc{scalgo2,
  author       = {Algorand Developer Portal},
  title        = {{Introduction to Algorand Smart Contracts}},
  howpublished = {\url{https://developer.algorand.org/docs/get-details/dapps/smart-contracts/}},
  year         = {2023}
}

@misc{tealish,
  author       = {Tinyman.org},
  title        = {{Introduction to Tealish}},
  howpublished = {\url{https://tealish.tinyman.org/en/latest/index.html}},
  year         = {2023}
}

@misc{coint,
  author       = {Anthony Clarke, CoinTelegraph},
  title        = {{How cryptocurrency could help tackle global income inequality}},
  howpublished = {\url{https://cointelegraph.com/news/how-cryptocurrency-could-help-tackle-global-income-inequality}},
  year         = {2022}
}
@misc{twp,
  author       = {Nicolas Berggruen, The Washington Post},
  title        = {{Here’s how blockchain can reduce inequality}},
  howpublished = {\url{https://www.washingtonpost.com/news/theworldpost/wp/2018/01/29/blockchain/}},
  year         = {2018}
}

@misc{cwi,
  author       = {Sam Klemens, Learn},
  title        = {{Crypto vs. wealth inequality}},
  howpublished = {\url{https://www.exodus.com/news/crypto-and-wealth-inequality/}},
  year         = {2022}
}

@misc{dao,
  author       = {Nathan Reiff, Investopedia},
  title        = {{Decentralized Autonomous Organization (DAO): Definition, Purpose, and Example}},
  howpublished = {\url{https://www.investopedia.com/tech/what-dao/}},
  year         = {2023}
}

@misc{dao2,
  author       = {Mayank Sahu, UpGrad},
  title        = {{Decentralized Autonomous Organization [Comparison, Examples & Drawbacks]}},
  howpublished = {\url{https://www.upgrad.com/blog/decentralized-autonomous-organization/}},
  year         = {2020}
}

@misc{dao3,
  author       = {Medium},
  title        = {{Overview of Decentralized Autonomous Organization (DAO)}},
  howpublished = {\url{https://medium.com/iosg-ventures/overview-of-decentralized-autonomous-organization-dao-f9ac47051d07}},
  year         = {2020}
}

@misc{steemit,
  author       = {Steemit},
  title        = {{DPOS Consensus Algorithm - The Missing White Paper}},
  howpublished = {\url{https://steemit.com/dpos/@dantheman/dpos-consensus-algorithm-this-missing-white-paper}},
  year         = {2017}
}

@misc{gitcoin,
  author       = {Cryptopedia},
  title        = {{Gitcoin (GTC): A Marketplace for Open-Source Development}},
  howpublished = {\url{https://www.gemini.com/cryptopedia/gtc-crypto-gitcoin-bounties-web3-gtc-token#section-what-is-gitcoin}},
  year         = {2022}
}

@misc{huffpost,
  author       = {HuffPost},
  title        = {{Alaska Gives Cash To Its Citizens Every Year. The Rest Of The U.S. Could Too.}},
  howpublished = {\url{https://www.huffpost.com/entry/sovereign-wealth-fund-for-america-alaska-norway_n_5b83ffb7e4b0cd327dfe878e}},
  year         = {2018}
}

@misc{247,
  author       = {24/7 Wall Street},
  title        = {{How Income Inequality in Alaska Compares to Other States}},
  howpublished = {\url{https://247wallst.com/state/how-income-inequality-in-alaska-compares-to-other-states/}}
}

@misc{tentacat,
  author       = {Hex Docs},
  title        = {{Tentacat}},
  howpublished = {\url{https://hexdocs.pm/tentacat/readme.html#content}}
}

@report{oecd,
  author    = {OECD},
  title     = {{Why Decentralised Finance (DeFi) Matters and the Policy Implications}},
  howpublished = {\url{https://www.oecd.org/daf/fin/financial-markets/Why-Decentralised-Finance-DeFi-Matters-and-the-Policy-Implications.pdf}},
  pages     = {pages 44-46 from 67},
  year      = {2022}
}

@misc{ns,
  author       = {Negócios Sustentáveis},
  title        = {{Bitcoin gasta quase o triplo da energia de Portugal}},
  howpublished = {\url{https://www.jornaldenegocios.pt/sustentabilidade/ambiental/detalhe/bitcoin-gasta-quase-o-triplo-da-energia-de-portugal}},
  year         = {2021}
}

@misc{daddy,
  author       = {AlgoDaddy},
  title        = {{GREEN IS GOOD: Algorand Uses Only 80 kW of Energy, Carbon Offsetting as Previously Pledged}},
  howpublished = {\url{https://www.algodaddy.org/2023/02/algorand-uses-only-80-kw-energy-carbon-offsetting.html}},
  year         = {2023}
}

@misc{tel,
  author       = {CoinTelegraph},
  title        = {{The most eco-friendly blockchain networks in 2022}},
  howpublished = {\url{https://cointelegraph.com/news/the-most-eco-friendly-blockchain-networks-in-2022}},
  year         = {2022}
}

@misc{hack,
  author       = {Hacken},
  title        = {{Consensus Mechanisms In Blockchain: A Deep Dive Into The Different Types}},
  howpublished = {\url{https://hacken.io/discover/consensus-mechanisms/}}
}